@rfc{RFC1149,
  author    = {Waitzman, D.},
  title     = {RFC1149: Standard for the transmission of IP datagrams on avian carriers},
  year      = {1990},
  publisher = {RFC Editor},
  address   = {United States}
} 

@book{TanenbaumCN02,
  author    = {Tanenbaum, Andrew},
  title     = {Computer Networks},
  year      = {2002},
  isbn      = {0130661023},
  edition   = {4th},
  publisher = {Prentice Hall Professional Technical Reference}
} 


@inproceedings{P76,
  author          = {Ion Creangă},
  title           = {Punguța cu doi bani},
  booktitle       = {Convorbiri Literare},
  optpages        = {},
  year            = {1876},
  opteditor       = {},
  optvolume       = {},
  number          = {10},
  optseries       = {},
  optaddress      = {},
  month           = {ianuarie},
  optorganization = {},
  optpublisher    = {}
}

@misc{linkweb01,
  title        = {ETSI 2G},
  howpublished = {\url{https://www.etsi.org/technologies/mobile/2g}},
  note         = {Accessed: 2012-12-12}
}

@article{Stallkamp2012,
title = "Man vs. computer: Benchmarking machine learning algorithms for traffic sign recognition",
journal = "Neural Networks",
volume = "",
number = "0",
pages = " - ",
year = "2012",
note = "",
issn = "0893-6080",
doi = "10.1016/j.neunet.2012.02.016",
url = "http://www.sciencedirect.com/science/article/pii/S0893608012000457",
author = "J. Stallkamp and M. Schlipsing and J. Salmen and C. Igel",
keywords = "Traffic sign recognition",
keywords = "Machine learning",
keywords = "Convolutional neural networks",
keywords = "Benchmarking"
}

@inproceedings{Stallkamp-IJCNN-2011,
    author = {Johannes Stallkamp and Marc Schlipsing and Jan Salmen and Christian Igel},
    booktitle = {IEEE International Joint Conference on Neural Networks},
    title = {The {G}erman {T}raffic {S}ign {R}ecognition {B}enchmark: A multi-class classification competition},
    year = {2011},
    pages = {1453--1460}
}